@COMMENT {--- Several examples of various BiBTeX entry types ---}
@COMMENT {--- Remember: NEVER trust the automatically generated entries from the publishers, e.g., IEEE --- always double check! ---}
@COMMENT {--- See https://www.ece.ucdavis.edu/~jowens/biberrors.html ---}
@COMMENT {--- Also, double check the capitalization of titles in the resulting bibliography, especially for titles with compound and complex sentences involving separators other than a colon! ---}

@book{Card1999,
  title={Readings in Information Visualization: Using Vision to Think},
  author={Card, Stuart K. and Mackinlay, Jock D. and Shneiderman, Ben},
  isbn={9781558605336},
  year={1999},
  publisher={Morgan Kaufmann},
  url = {https://dl.acm.org/citation.cfm?id=300679},
}

@Incollection{Fekete2008,
author={Fekete, Jean-Daniel and van Wijk, Jarke J. and Stasko, John T. and North, Chris},
editor={Kerren, Andreas and Stasko, John T. and Fekete, Jean-Daniel and North, Chris},
title={The Value of Information Visualization},
booktitle={Information Visualization: Human-Centered Issues and Perspectives},
series={Lecture Notes in Computer Science},
volume={4950},
year={2008},
publisher={Springer Berlin Heidelberg},
//address={Berlin, Heidelberg},
pages={1--18},
isbn={978-3-540-70956-5},
doi={10.1007/978-3-540-70956-5_1},
//url={http://dx.doi.org/10.1007/978-3-540-70956-5_1},
}

@ARTICLE{VanWijk2006a, 
author={{Van Wijk}, Jarke J.}, 
journal={IEEE Computer Graphics and Applications}, 
title={Bridging the Gaps}, 
year={2006}, 
volume={26}, 
number={6}, 
pages={6--9}, 
keywords={data visualisation;user centred design;user interfaces;data visualization;user centered design;user interface;Visualization;Usability;User centered design;Roads;Scalability;Bridges;Process design;User interfaces;Books;Collaboration;visualization;scientific visualization;information visualization;visual analytics;cooperation;user-centered design}, 
doi={10.1109/MCG.2006.120}, 
ISSN={0272-1716}, 
month=nov,
}

@INPROCEEDINGS{Shneiderman1996,
author={Shneiderman, Ben},
booktitle={Proceedings of the IEEE Symposium on Visual Languages},
series={VL~'96},
location={Boulder, CO, USA},
title={The Eyes Have It: A Task by Data Type Taxonomy for Information Visualizations},
year={1996},
pages={336--343},
keywords={data visualisation;graphical user interfaces;visual programming;advanced graphical user interface design;data type taxonomy;information visualizations;multi dimensional data;network data;visual information seeking;Art;Data mining;Data visualization;Displays;Eyes;Information filtering;Information filters;Multimedia databases;Taxonomy;Visual databases},
doi={10.1109/VL.1996.545307},
ISSN={1049-2615},
publisher={IEEE},
//month={},
}

@misc{ColorBrewer,
key = {ColorBrewer},
title = {{ColorBrewer} 2.0 --- {C}olor Advice for Cartography},
year = {2009},
url = {http://colorbrewer2.org/},
note = {Accessed February 4, 2019},
}
